
@article{bernhardt_metabolic_2018,
	title = {Metabolic {Theory} and the {Temperature}-{Size} {Rule} {Explain} the {Temperature} {Dependence} of {Population} {Carrying} {Capacity}},
	volume = {192},
	issn = {0003-0147, 1537-5323},
	doi = {10.1086/700114},
	language = {en},
	number = {6},
	urldate = {2021-11-24},
	journal = {The American Naturalist},
	author = {Bernhardt, Joey R. and Sunday, Jennifer M. and O’Connor, Mary I.},
	month = dec,
	year = {2018},
	pages = {687--697},
}

@article{bae_growth_2014,
	title = {Growth {Characteristics} and {Biofilm} {Formation} of {Various} {Spoilage} {Bacteria} {Isolated} from {Fresh} {Produce}},
	volume = {79},
	issn = {1750-3841},
	doi = {10.1111/1750-3841.12644},
	language = {pt},
	number = {10},
	urldate = {2021-11-24},
	journal = {Journal of Food Science},
	author = {Bae, Young-Min and Zheng, Ling and Hyun, Jeong-Eun and Jung, Kyu-Seok and Heu, Sunggi and Lee, Sun-Young},
	year = {2014},
	keywords = {biofilm, growth, hydrophobicity, spoilage bacteria, temperature},
	pages = {M2072--M2080},
}

@article{phillips_relation_1987,
	title = {The relation between temperature and growth of bacteria in dairy products},
	volume = {4},
	issn = {07400020},
	doi = {10.1016/0740-0020(87)90033-5},
	language = {en},
	number = {2},
	urldate = {2021-11-24},
	journal = {Food Microbiology},
	author = {Phillips, J.D. and Griffiths, M.W.},
	month = apr,
	year = {1987},
	pages = {173--185},
}

@article{galarz_predicting_2016,
	title = {Predicting bacterial growth in raw, salted, and cooked chicken breast fillets during storage},
	volume = {22},
	issn = {1082-0132},
	doi = {10.1177/1082013215618519},
	number = {6},
	urldate = {2021-11-28},
	journal = {Food Science and Technology International},
	author = {Galarz, Liane Aldrighi and Fonseca, Gustavo Graciano and Prentice, Carlos},
	month = sep,
	year = {2016},
	note = {Publisher: SAGE Publications Ltd STM},
	pages = {461--474},
}

@article{gill_growth_1991,
	title = {Growth of {Escherichia} coli and {Salmonella} typhimurium on high-{pH} beef packed under vacuum or carbon dioxide},
	volume = {13},
	issn = {01681605},
	doi = {10.1016/0168-1605(91)90132-9},
	language = {en},
	number = {1},
	urldate = {2021-11-28},
	journal = {International Journal of Food Microbiology},
	author = {Gill, C.O. and DeLacy, K.M.},
	month = may,
	year = {1991},
	pages = {21--30},
}

@article{roth_continuity_1962,
    title = {Continuity of Psychrophilic and Mesophilic Growth Characteristics in the Genus Anthrobacter},
	volume = {83},
	issn = {0021-9193},
	number = {3},
	urldate = {2021-11-28},
	journal = {Journal of Bacteriology},
	author = {Roth, Norman G. and Wheaton, Robert B.},
	month = mar,
	year = {1962},
	pmid = {14494403},
	pmcid = {PMC279310},
	pages = {551--555},
}

@article{silva_modelling_2018,
	title = {Modelling the growth of lactic acid bacteria at different temperatures},
	volume = {61},
	issn = {1678-4324, 1516-8913},
	doi = {10.1590/1678-4324-2018160159},
	language = {en},
	number = {0},
	urldate = {2021-11-28},
	journal = {Brazilian Archives of Biology and Technology},
	author = {Silva, Ana Paula Rosa da and Longhi, Daniel Angelo and Dalcanton, Francieli and Aragão, Gláucia Maria Falcão de},
	month = oct,
	year = {2018},
}

@article{sivonen_effects_1990,
	title = {Effects of light, temperature, nitrate, orthophosphate, and bacteria on growth of and hepatotoxin production by {Oscillatoria} agardhii strains.},
	volume = {56},
	issn = {0099-2240},
	number = {9},
	urldate = {2021-11-28},
	journal = {Applied and Environmental Microbiology},
	author = {Sivonen, K},
	month = sep,
	year = {1990},
	pmid = {2125814},
	pmcid = {PMC184825},
	pages = {2658--2666},
}

@article{stannard_temperaturegrowth_1985,
	title = {Temperature/growth relationships for psychrotrophic food-spoilage bacteria},
	volume = {2},
	issn = {07400020},
	doi = {10.1016/S0740-0020(85)80004-6},
	language = {en},
	number = {2},
	urldate = {2021-11-28},
	journal = {Food Microbiology},
	author = {Stannard, C.J. and Williams, A.P. and Gibbs, P.A.},
	month = apr,
	year = {1985},
	pages = {115--122},
}

@article{zwietering_modeling_1994,
	title = {Modeling of {Bacterial} {Growth} with {Shifts} in {Temperature}},
	volume = {60},
	issn = {0099-2240},
	number = {1},
	urldate = {2021-11-28},
	journal = {Applied and Environmental Microbiology},
	author = {Zwietering, M. H. and de Wit, J. C. and Cuppers, H. G. A. M. and van 't Riet, K.},
	month = jan,
	year = {1994},
	pmid = {16349151},
	pmcid = {PMC201290},
	pages = {204--213},
}

@article{zwietering_modeling_1990,
	title = {Modeling of the {Bacterial} {Growth} {Curve}},
	volume = {56},
	language = {en},
	number = {6},
	urldate = {2021-11-20},
	journal = {Applied and Environmental Microbiology},
	author = {Zwietering, M. H. and Jongenburger, I. and Rombouts, F. M. and Van't Riet, K.},
	month = jun,
	year = {1990},
	note = {ISSN: 1875-1881},
	pages = {1875--1881},
}

@article{grijspeerdt_estimating_1999,
	title = {Estimating the parameters of the {Baranyi} model for bacterial growth},
	volume = {16},
	issn = {07400020},
	doi = {10.1006/fmic.1999.0285},
	language = {en},
	number = {6},
	urldate = {2021-11-27},
	journal = {Food Microbiology},
	author = {Grijspeerdt, K and Vanrolleghem, P},
	month = dec,
	year = {1999},
	pages = {593--605},
}

@article{baranyi_dynamic_1994,
	title = {A dynamic approach to predicting bacterial growth in food},
	volume = {23},
	issn = {01681605},
	doi = {10.1016/0168-1605(94)90157-0},
	language = {en},
	number = {3-4},
	urldate = {2021-11-28},
	journal = {International Journal of Food Microbiology},
	author = {Baranyi, József and Roberts, Terry A.},
	month = nov,
	year = {1994},
	pages = {277--294},
}

@article{baranyi_simple_1997,
	title = {Simple is good as long as it is enough},
	volume = {14},
	language = {en},
	journal = {Food Microbiology},
	author = {Baranyi, J},
	year = {1997},
	pages = {189--192},
	file = {Baranyi - Simple is good as long as it is enough.pdf:/home/tash/Zotero/storage/KPAIACGZ/Baranyi - Simple is good as long as it is enough.pdf:application/pdf},
}

@book{burnham_model_2002,
	address = {New York},
	title = {Model {Selection} and {Multimodel} {Inference} : {A} {Practical} {Information}-{Theoretic} {Approach}},
	urldate = {2021-11-28},
	publisher = {Springer-Verlag},
	author = {Burnham, K. P. and Anderson, D. R.},
	year = {2002},
}

@incollection{yang_4_2019,
	title = {4 - {Data} fitting and regression},
	isbn = {978-0-12-817216-2},
	language = {en},
	urldate = {2021-11-22},
	booktitle = {Introduction to {Algorithms} for {Data} {Mining} and {Machine} {Learning}},
	publisher = {Academic Press},
	author = {Yang, Xin-She},
	editor = {Yang, Xin-She},
	month = jan,
	year = {2019},
	doi = {10.1016/B978-0-12-817216-2.00011-9},
	keywords = {Curve fitting, Lasso method, method of least squares, regression, regularization},
	pages = {67--90},
}

@article{johnson_model_2004,
	title = {Model selection in ecology and evolution},
	volume = {19},
	issn = {01695347},
	doi = {10.1016/j.tree.2003.10.013},
	language = {en},
	number = {2},
	urldate = {2021-11-20},
	journal = {Trends in Ecology \& Evolution},
	author = {Johnson, Jerald B. and Omland, Kristian S.},
	month = feb,
	year = {2004},
	pages = {101--108},
}

@article{wagenmakers_aic_2004,
	title = {{AIC} model selection using {Akaike} weights},
	volume = {11},
	issn = {1069-9384, 1531-5320},
	doi = {10.3758/BF03206482},
	language = {en},
	number = {1},
	urldate = {2021-11-26},
	journal = {Psychonomic Bulletin \& Review},
	author = {Wagenmakers, Eric-Jan and Farrell, Simon},
	month = feb,
	year = {2004},
	pages = {192--196},
}

@Manual{R_language_2021,
    title = {R: A Language and Environment for Statistical Computing},
    author = {{R Core Team}},
    organization = {R Foundation for Statistical Computing},
    address = {Vienna, Austria},
    year = {2021},
}

 @Manual{dplyr_2021,
    title = {dplyr: A Grammar of Data Manipulation},
    author = {Hadley Wickham and Romain François and Lionel Henry and Kirill Müller},
    year = {2021},
    note = {R package version 1.0.7},
}

@Book{ggplot_2016,
    author = {Hadley Wickham},
    title = {ggplot2: Elegant Graphics for Data Analysis},
    publisher = {Springer-Verlag New York},
    year = {2016},
    isbn = {978-3-319-24277-4},
}

@Manual{roll_Regres_2019,
    title = {rollRegres: Fast Rolling and Expanding Window Linear Regression},
    author = {Benjamin Christoffersen},
    year = {2019},
    note = {R package version 0.1.3},
}

@Manual{minpack_2016,
    title = {minpack.lm: R Interface to the Levenberg-Marquardt Nonlinear Least-Squares Algorithm Found in MINPACK, Plus Support for Bounds},
    author = {Timur V. Elzhov and Katharine M. Mullen and Andrej-Nikolai Spiess and Ben Bolker},
    year = {2016},
    note = {R package version 1.2-1},
}

@book{python_2009,
   author = {Van Rossum, Guido and Drake, Fred L.},
   title = {Python 3 Reference Manual},
   year = {2009},
   isbn = {1441412697},
   publisher = {CreateSpace},
   address = {Scotts Valley, CA}
}

@incollection{najafpour_chapter_2007,
	address = {Amsterdam},
	title = {{CHAPTER} 5 - {Growth} {Kinetics}},
	isbn = {978-0-444-52845-2},
	language = {en},
	urldate = {2021-11-29},
	booktitle = {Biochemical {Engineering} and {Biotechnology}},
	publisher = {Elsevier},
	author = {Najafpour, Ghasem D.},
	editor = {Najafpour, Ghasem D.},
	month = jan,
	year = {2007},
	doi = {10.1016/B978-044452845-2/50005-7},
	pages = {81--141},
}

@incollection{mahdinia_microbial_2020,
	address = {Cham},
	title = {Microbial {Growth} {Models}},
	isbn = {978-3-030-42659-0 978-3-030-42660-6},
	language = {en},
	urldate = {2021-11-29},
	booktitle = {Food {Safety} {Engineering}},
	publisher = {Springer International Publishing},
	author = {Mahdinia, Ehsan and Liu, Shaowei and Demirci, Ali and Puri, Virendra M.},
	editor = {Demirci, Ali and Feng, Hao and Krishnamurthy, Kathiravan},
	year = {2020},
	doi = {10.1007/978-3-030-42660-6_14},
	note = {Series Title: Food Engineering Series},
	pages = {357--398},
}

@article{ross_modeling_2003,
	title = {Modeling {Microbial} {Growth} {Within} {Food} {Safety} {Risk} {Assessments}},
	volume = {23},
	issn = {1539-6924},
	doi = {10.1111/1539-6924.00299},
	language = {en},
	number = {1},
	urldate = {2021-11-29},
	journal = {Risk Analysis},
	author = {Ross, Thomas and McMeekin, Thomas Alexander},
	year = {2003},
	keywords = {food safety, microbial growth modeling, Predictive microbiology, risk assessment},
	pages = {179--197},
}

@article{esser_modeling_2015,
	title = {Modeling microbial growth and dynamics},
	volume = {99},
	issn = {0175-7598, 1432-0614},
	doi = {10.1007/s00253-015-6877-6},
	language = {en},
	number = {21},
	urldate = {2021-11-29},
	journal = {Applied Microbiology and Biotechnology},
	author = {Esser, Daniel S. and Leveau, Johan H. J. and Meyer, Katrin M.},
	month = nov,
	year = {2015},
	pages = {8831--8846},
}

@article{buchanan_when_1997,
	title = {When is simple good enough: a comparison of the {Gompertz}, {Baranyi}, and three-phase linear models for fitting bacterial growth curves},
	volume = {14},
	issn = {07400020},
	shorttitle = {When is simple good enough},
	doi = {10.1006/fmic.1997.0125},
	language = {en},
	number = {4},
	urldate = {2021-11-20},
	journal = {Food Microbiology},
	author = {Buchanan, R.L and Whiting, R.C and Damert, W.C},
	month = aug,
	year = {1997},
	pages = {313--326},
}

@article{ferrer_mathematical_2009,
	title = {Mathematical modelling methodologies in predictive food microbiology: {A} {SWOT} analysis},
	volume = {134},
	issn = {01681605},
	shorttitle = {Mathematical modelling methodologies in predictive food microbiology},
	doi = {10.1016/j.ijfoodmicro.2009.01.016},
	language = {en},
	number = {1-2},
	urldate = {2021-11-29},
	journal = {International Journal of Food Microbiology},
	author = {Ferrer, Jordi and Prats, Clara and López, Daniel and Vives-Rego, Josep},
	month = aug,
	year = {2009},
	pages = {2--8},
}

@article{vlazaki_integrating_2019,
	title = {Integrating mathematical models with experimental data to investigate the within-host dynamics of bacterial infections},
	volume = {77},
	issn = {2049-632X},
	doi = {10.1093/femspd/ftaa001},
	language = {en},
	number = {8},
	urldate = {2021-11-29},
	journal = {Pathogens and Disease},
	author = {Vlazaki, Myrto and Huber, John and Restif, Olivier},
	month = nov,
	year = {2019},
	pages = {ftaa001},
}

@incollection{mckellar_primary_2003,
	title = {Primary {Models}},
	isbn = {978-0-203-50394-2},
	language = {en},
	booktitle = {Modeling {Microbial} {Responses} in {Food}},
	publisher = {CRC Press},
	author = {McKellar, Robin C. and Lu, Xuewen},
	month = dec,
	year = {2003},
	keywords = {Technology \& Engineering / Food Science / General},
	pages = {21--62},
}

@article{fujikawa_new_2004,
	title = {A new logistic model for {Escherichia} coli growth at constant and dynamic temperatures},
	volume = {21},
	issn = {07400020},
	doi = {10.1016/j.fm.2004.01.007},
	language = {en},
	number = {5},
	urldate = {2021-12-01},
	journal = {Food Microbiology},
	author = {Fujikawa, Hiroshi and Kai, Akemi and Morozumi, Satoshi},
	month = oct,
	year = {2004},
	pages = {501--509},
}


@article{peleg_modeling_1997,
	title = {Modeling microbial populations with the original and modified versions of the continuous and discrete logistic equations},
	volume = {37},
	issn = {1040-8398, 1549-7852},
	doi = {10.1080/10408399709527785},
	language = {en},
	number = {5},
	urldate = {2021-12-01},
	journal = {Critical Reviews in Food Science and Nutrition},
	author = {Peleg, Micha and Shetty, Kalidas},
	month = aug,
	year = {1997},
	pages = {471--490},
}

@article{baranyi_non-autonomous_1993,
	title = {A non-autonomous differential equation to model bacterial growth},
	volume = {10},
	journal = {Food Microbiology},
	author = {Baranyi, J and Roberts, T. A. and McClure, P.},
	year = {1993},
	pages = {43--59},
}

@article{baty_estimating_2004,
	title = {Estimating the bacterial lag time: which model, which precision?},
	volume = {91},
	issn = {01681605},
	shorttitle = {Estimating the bacterial lag time},
	doi = {10.1016/j.ijfoodmicro.2003.07.002},
	language = {en},
	number = {3},
	urldate = {2021-12-01},
	journal = {International Journal of Food Microbiology},
	author = {Baty, Florent and Delignette-Muller, Marie-Laure},
	month = mar,
	year = {2004},
	pages = {261--277},
}

@article{chatterjee_antibacterial_2015,
	title = {Antibacterial effect of silver nanoparticles and the modeling of bacterial growth kinetics using a modified {Gompertz} model},
	volume = {1850},
	issn = {03044165},
	doi = {10.1016/j.bbagen.2014.10.022},
	language = {en},
	number = {2},
	urldate = {2021-12-02},
	journal = {Biochimica et Biophysica Acta (BBA) - General Subjects},
	author = {Chatterjee, Tanaya and Chatterjee, Barun K. and Majumdar, Dipanwita and Chakrabarti, Pinak},
	month = feb,
	year = {2015},
	pages = {299--306},
}

@article{lopez_statistical_2004,
	title = {Statistical evaluation of mathematical models for microbial growth},
	volume = {96},
	issn = {0168-1605},
	doi = {10.1016/j.ijfoodmicro.2004.03.026},
	language = {en},
	number = {3},
	urldate = {2021-12-01},
	journal = {International Journal of Food Microbiology},
	author = {López, S. and Prieto, M. and Dijkstra, J. and Dhanoa, M. S. and France, J.},
	month = nov,
	year = {2004},
	keywords = {Growth curves, Mathematical models, Microbial growth, Nonlinear equations, Sigmoidal functions},
	pages = {289--300},
}

@article{salazar_primary_2021,
	title = {Primary {Model} for {Biomass} {Growth} {Prediction} in {Batch} {Fermentation}},
	volume = {13},
	copyright = {http://creativecommons.org/licenses/by/3.0/},
	doi = {10.3390/sym13081468},
	language = {en},
	number = {8},
	urldate = {2021-12-03},
	journal = {Symmetry},
	author = {Salazar, Yolocuauhtli and Rodriguez, Emmanuel and Valle, Paul A. and Garcia, Blanca E.},
	month = aug,
	year = {2021},
	note = {Number: 8
Publisher: Multidisciplinary Digital Publishing Institute},
	keywords = {bacterial growth, batch fermentation, lactic acid bacteria, predictive microbiology, primary mathematical model},
	pages = {1468},
}

@article{oksuz_monte_2020,
	title = {Monte {Carlo} {Analysis} for {Microbial} {Growth} {Curves}},
	volume = {10},
	issn = {13385178},
	doi = {10.15414/jmbfs.2020.10.3.418-423},
	language = {en},
	number = {3},
	urldate = {2021-12-03},
	journal = {Journal of Microbiology, Biotechnology and Food Sciences},
	author = {Öksüz, Hasan Basri and Buzrul, Sencer},
	month = dec,
	year = {2020},
	pages = {418--423},
}
