@article {verhulst1838notice,
  title = {Notice on the law that the population follows in its growth},
  author = {Verhulst, Pierre-Fran {\ c {c}} ois},
  journal = {Corresp. Math. Phys.},
  volume = {10},
  pages = {113--126},
  year = {1838}
}