@article{weigand_detecting_2018,
	title = {Detecting signatures of positive selection in non-model species using genomic data},
	volume = {184},
	issn = {0024-4082, 1096-3642},
	url = {https://academic.oup.com/zoolinnean/article/184/2/528/4970495},
	doi = {10.1093/zoolinnean/zly007},
	language = {en},
	number = {2},
	urldate = {2022-01-06},
	journal = {Zoological Journal of the Linnean Society},
	author = {Weigand, Hannah and Leese, Florian},
	month = oct,
	year = {2018},
	pages = {528--583},
	file = {Weigand and Leese - 2018 - Detecting signatures of positive selection in non-.pdf:/home/tash/Zotero/storage/T4RVG3BD/Weigand and Leese - 2018 - Detecting signatures of positive selection in non-.pdf:application/pdf},
}

@article{rochette_deriving_2017,
	title = {Deriving genotypes from {RAD}-seq short-read data using {Stacks}},
	volume = {12},
	copyright = {2017 Nature Publishing Group, a division of Macmillan Publishers Limited. All Rights Reserved.},
	issn = {1750-2799},
	url = {https://www.nature.com/articles/nprot.2017.123},
	doi = {10.1038/nprot.2017.123},
	language = {en},
	number = {12},
	urldate = {2022-02-15},
	journal = {Nature Protocols},
	author = {Rochette, Nicolas C. and Catchen, Julian M.},
	month = dec,
	year = {2017},
	keywords = {Evolutionary genetics, Genetic variation, Genome informatics, Genotype, Software},
	pages = {2640--2659},
	file = {Full Text PDF:/home/tash/Zotero/storage/JCU3T9MT/Rochette and Catchen - 2017 - Deriving genotypes from RAD-seq short-read data us.pdf:application/pdf;Snapshot:/home/tash/Zotero/storage/NCQGKFHE/nprot.2017.html:text/html},
}

@article{manel_genomic_2016,
	title = {Genomic resources and their influence on the detection of the signal of positive selection in genome scans},
	volume = {25},
	issn = {1365-294X},
	url = {https://onlinelibrary.wiley.com/doi/abs/10.1111/mec.13468},
	doi = {10.1111/mec.13468},
	language = {en},
	number = {1},
	urldate = {2022-03-02},
	journal = {Molecular Ecology},
	author = {Manel, S. and Perrier, C. and Pratlong, M. and Abi-Rached, L. and Paganini, J. and Pontarotti, P. and Aurelle, D.},
	year = {2016},
	keywords = {conservation biology, landscape genetics, landscape genomics, local adaptation, natural population, population genomics},
	pages = {170--184},
	file = {Full Text PDF:/home/tash/Zotero/storage/EPM432GV/Manel et al. - 2016 - Genomic resources and their influence on the detec.pdf:application/pdf;Snapshot:/home/tash/Zotero/storage/LN9L642Z/mec.html:text/html},
}

@article{blanco-bercial_new_2016,
	title = {New view of population genetics of zooplankton: {RAD}-seq analysis reveals population structure of the {North} {Atlantic} planktonic copepod {Centropages} typicus},
	volume = {25},
	issn = {1365-294X},
	shorttitle = {New view of population genetics of zooplankton},
	url = {https://onlinelibrary.wiley.com/doi/abs/10.1111/mec.13581},
	doi = {10.1111/mec.13581},
	language = {en},
	number = {7},
	urldate = {2022-03-02},
	journal = {Molecular Ecology},
	author = {Blanco-Bercial, L. and Bucklin, A.},
	year = {2016},
	keywords = {Centropages typicus, connectivity, population genetics, RAD tag, Zooplankton},
	pages = {1566--1580},
	file = {Full Text PDF:/home/tash/Zotero/storage/8KX33N6X/Blanco-Bercial and Bucklin - 2016 - New view of population genetics of zooplankton RA.pdf:application/pdf;Snapshot:/home/tash/Zotero/storage/CT276KJC/mec.html:text/html},
}

@article{leiva_population_2019,
	title = {Population substructure and signals of divergent adaptive selection despite admixture in the sponge {Dendrilla} antarctica from shallow waters surrounding the {Antarctic} {Peninsula}},
	volume = {28},
	issn = {1365-294X},
	url = {https://onlinelibrary.wiley.com/doi/abs/10.1111/mec.15135},
	doi = {10.1111/mec.15135},
	language = {en},
	number = {13},
	urldate = {2022-03-02},
	journal = {Molecular Ecology},
	author = {Leiva, Carlos and Taboada, Sergi and Kenny, Nathan J. and Combosch, David and Giribet, Gonzalo and Jombart, Thibaut and Riesgo, Ana},
	year = {2019},
	keywords = {adaptation, ddRADseq, mitochondrial genome, RNA-seq, SNPs, South Shetland Islands},
	pages = {3151--3170},
	file = {Full Text PDF:/home/tash/Zotero/storage/P5G4CDNL/Leiva et al. - 2019 - Population substructure and signals of divergent a.pdf:application/pdf;Snapshot:/home/tash/Zotero/storage/78U7VHH5/mec.html:text/html},
}

@article{kang_population_2017,
	title = {Population genetics analysis of the {Nujiang} catfish {Creteuchiloglanis} macropterus through a genome-wide single nucleotide polymorphisms resource generated by {RAD}-seq},
	volume = {7},
	copyright = {2017 The Author(s)},
	issn = {2045-2322},
	url = {https://www.nature.com/articles/s41598-017-02853-3},
	doi = {10.1038/s41598-017-02853-3},
	language = {en},
	number = {1},
	urldate = {2022-03-02},
	journal = {Scientific Reports},
	author = {Kang, Jingliang and Ma, Xiuhui and He, Shunping},
	month = jun,
	year = {2017},
	keywords = {Evolutionary genetics, Genetic variation},
	pages = {2813},
	file = {Full Text PDF:/home/tash/Zotero/storage/EXI9S82A/Kang et al. - 2017 - Population genetics analysis of the Nujiang catfis.pdf:application/pdf;Snapshot:/home/tash/Zotero/storage/XPNZS5C2/s41598-017-02853-3.html:text/html},
}

@article{de_jong_detecting_2021,
	title = {Detecting genetic signals of selection in heavily bottlenecked reindeer populations by comparing parallel founder events},
	volume = {30},
	issn = {1365-294X},
	url = {https://onlinelibrary.wiley.com/doi/abs/10.1111/mec.15837},
	doi = {10.1111/mec.15837},
	language = {en},
	number = {7},
	urldate = {2022-03-02},
	journal = {Molecular Ecology},
	author = {de Jong, Menno J. and Lovatt, Fiona and Hoelzel, A. Rus},
	year = {2021},
	keywords = {adaptation, bottlenecks, natural selection, reindeer, simulation},
	pages = {1642--1658},
	file = {Snapshot:/home/tash/Zotero/storage/ZTZTVXT8/mec.html:text/html;Full Text PDF:/home/tash/Zotero/storage/ZYCUIQ3J/de Jong et al. - 2021 - Detecting genetic signals of selection in heavily .pdf:application/pdf},
}

@article{sun_genus-wide_2021,
	title = {Genus-{Wide} {Characterization} of {Bumblebee} {Genomes} {Provides} {Insights} into {Their} {Evolution} and {Variation} in {Ecological} and {Behavioral} {Traits}},
	volume = {38},
	issn = {1537-1719},
	url = {https://doi.org/10.1093/molbev/msaa240},
	doi = {10.1093/molbev/msaa240},
	number = {2},
	urldate = {2022-03-02},
	journal = {Molecular Biology and Evolution},
	author = {Sun, Cheng and Huang, Jiaxing and Wang, Yun and Zhao, Xiaomeng and Su, Long and Thomas, Gregg W C and Zhao, Mengya and Zhang, Xingtan and Jungreis, Irwin and Kellis, Manolis and Vicario, Saverio and Sharakhov, Igor V and Bondarenko, Semen M and Hasselmann, Martin and Kim, Chang N and Paten, Benedict and Penso-Dolfin, Luca and Wang, Li and Chang, Yuxiao and Gao, Qiang and Ma, Ling and Ma, Lina and Zhang, Zhang and Zhang, Hongbo and Zhang, Huahao and Ruzzante, Livio and Robertson, Hugh M and Zhu, Yihui and Liu, Yanjie and Yang, Huipeng and Ding, Lele and Wang, Quangui and Ma, Dongna and Xu, Weilin and Liang, Cheng and Itgen, Michael W and Mee, Lauren and Cao, Gang and Zhang, Ze and Sadd, Ben M and Hahn, Matthew W and Schaack, Sarah and Barribeau, Seth M and Williams, Paul H and Waterhouse, Robert M and Mueller, Rachel Lockridge},
	month = feb,
	year = {2021},
	pages = {486--501},
	file = {Full Text PDF:/home/tash/Zotero/storage/MLX6MNRV/Sun et al. - 2021 - Genus-Wide Characterization of Bumblebee Genomes P.pdf:application/pdf;Snapshot:/home/tash/Zotero/storage/N4HN74EE/5908523.html:text/html},
}

@article{cameron_global_2020,
	title = {Global {Trends} in {Bumble} {Bee} {Health}},
	volume = {65},
	url = {https://doi.org/10.1146/annurev-ento-011118-111847},
	doi = {10.1146/annurev-ento-011118-111847},
	number = {1},
	urldate = {2022-03-02},
	journal = {Annual Review of Entomology},
	author = {Cameron, Sydney A. and Sadd, Ben M.},
	year = {2020},
	pmid = {31610137},
	pages = {209--232},
	file = {Full Text PDF:/home/tash/Zotero/storage/X8IRULK3/Cameron and Sadd - 2020 - Global Trends in Bumble Bee Health.pdf:application/pdf},
}

@article{goulson_decline_2008,
	title = {Decline and {Conservation} of {Bumble} {Bees}},
	volume = {53},
	url = {https://doi.org/10.1146/annurev.ento.53.103106.093454},
	doi = {10.1146/annurev.ento.53.103106.093454},
	number = {1},
	urldate = {2022-03-02},
	journal = {Annual Review of Entomology},
	author = {Goulson, D. and Lye, G.C. and Darvill, B.},
	year = {2008},
	pmid = {17803456},
	pages = {191--208},
	file = {Full Text PDF:/home/tash/Zotero/storage/8822TPSN/Goulson et al. - 2008 - Decline and Conservation of Bumble Bees.pdf:application/pdf},
}

@article{ellis_delineating_2005,
	title = {Delineating species for conservation using mitochondrial sequence data: the taxonomic status of two problematic {Bombus} species ({Hymenoptera}: {Apidae})},
	volume = {9},
	issn = {1366-638X, 1572-9753},
	shorttitle = {Delineating species for conservation using mitochondrial sequence data},
	url = {http://link.springer.com/10.1007/s10841-004-4168-0},
	doi = {10.1007/s10841-004-4168-0},
	language = {en},
	number = {2},
	urldate = {2022-03-02},
	journal = {Journal of Insect Conservation},
	author = {Ellis, J. S. and Knight, M. E. and Goulson, D.},
	month = jun,
	year = {2005},
	pages = {75--83},
	file = {Ellis et al. - 2005 - Delineating species for conservation using mitocho.pdf:/home/tash/Zotero/storage/2SFC9UHK/Ellis et al. - 2005 - Delineating species for conservation using mitocho.pdf:application/pdf},
}

@article{catchen_stacks_2013,
	title = {Stacks: an analysis tool set for population genomics},
	volume = {22},
	issn = {1365-294X},
	shorttitle = {Stacks},
	url = {https://onlinelibrary.wiley.com/doi/abs/10.1111/mec.12354},
	doi = {10.1111/mec.12354},
	language = {en},
	number = {11},
	urldate = {2022-03-02},
	journal = {Molecular Ecology},
	author = {Catchen, Julian and Hohenlohe, Paul A. and Bassham, Susan and Amores, Angel and Cresko, William A.},
	year = {2013},
	keywords = {GBS, genetics, next-generation sequencing, population genomics, RAD-seq},
	pages = {3124--3140},
	file = {Full Text PDF:/home/tash/Zotero/storage/I4SPRGWM/Catchen et al. - 2013 - Stacks an analysis tool set for population genomi.pdf:application/pdf;Snapshot:/home/tash/Zotero/storage/69K3TLRQ/mec.html:text/html},
}

@article{foll_genome-scan_2008,
	title = {A {Genome}-{Scan} {Method} to {Identify} {Selected} {Loci} {Appropriate} for {Both} {Dominant} and {Codominant} {Markers}: {A} {Bayesian} {Perspective}},
	volume = {180},
	issn = {1943-2631},
	shorttitle = {A {Genome}-{Scan} {Method} to {Identify} {Selected} {Loci} {Appropriate} for {Both} {Dominant} and {Codominant} {Markers}},
	url = {https://doi.org/10.1534/genetics.108.092221},
	doi = {10.1534/genetics.108.092221},
	number = {2},
	urldate = {2022-03-02},
	journal = {Genetics},
	author = {Foll, Matthieu and Gaggiotti, Oscar},
	month = oct,
	year = {2008},
	pages = {977--993},
	file = {Full Text PDF:/home/tash/Zotero/storage/9UHIQ7QA/Foll and Gaggiotti - 2008 - A Genome-Scan Method to Identify Selected Loci App.pdf:application/pdf},
}

@article{ahrens_search_2018,
	title = {The search for loci under selection: trends, biases and progress},
	volume = {27},
	issn = {1365-294X},
	shorttitle = {The search for loci under selection},
	url = {https://onlinelibrary.wiley.com/doi/abs/10.1111/mec.14549},
	doi = {10.1111/mec.14549},
	language = {en},
	number = {6},
	urldate = {2022-03-02},
	journal = {Molecular Ecology},
	author = {Ahrens, Collin W. and Rymer, Paul D. and Stow, Adam and Bragg, Jason and Dillon, Shannon and Umbers, Kate D. L. and Dudaniec, Rachael Y.},
	year = {2018},
	keywords = {adaptive genetic variation, environmental association analysis, FST outlier analysis, genotype by environment, landscape genomics, single nucleotide polymorphism},
	pages = {1342--1356},
	file = {Full Text PDF:/home/tash/Zotero/storage/DABFNAXU/Ahrens et al. - 2018 - The search for loci under selection trends, biase.pdf:application/pdf;Snapshot:/home/tash/Zotero/storage/QL2MR9ZA/mec.html:text/html},
}
